@inproceedings{alternativePaths,
  title={Multi-agent route planning using delegate MAS},
  author={Dinh, Hoang Tung and van Lon, Rinde and Holvoet, Tom},
  booktitle={Workshop on Distributed and Multi-Agent Planning},
  pages={24--32},
  year={2016}
}